<?xml version="1.0" encoding="UTF-8"?><record xmlns="http://www.loc.gov/MARC21/slim" xmlns:cinclude="http://apache.org/cocoon/include/1.0" xmlns:zs="http://www.loc.gov/zing/srw/">
  <leader>01367nz  a2200193n  4500</leader>
  <controlfield tag="001">nr2004016689</controlfield>
  <controlfield tag="003">DLC</controlfield>
  <controlfield tag="005">20040714033111.0</controlfield>
  <controlfield tag="008">040601n| acannaabn          |a aaa     c</controlfield>
  <datafield tag="010" ind1=" " ind2=" ">
    <subfield code="a">nr2004016689</subfield>
  </datafield>
  <datafield tag="040" ind1=" " ind2=" ">
    <subfield code="a">NN</subfield>
    <subfield code="b">eng</subfield>
    <subfield code="c">NN</subfield>
  </datafield>
  <datafield tag="100" ind1="1" ind2=" ">
    <subfield code="a">Lenoir-Laroche, Jean-Jacques,</subfield>
    <subfield code="d">1749-1825</subfield>
  </datafield>
  <datafield tag="400" ind1="1" ind2=" ">
    <subfield code="a">Laroche, Jean-Jacques Lenoir-,</subfield>
    <subfield code="d">1749-1825</subfield>
  </datafield>
  <datafield tag="400" ind1="1" ind2=" ">
    <subfield code="a">Lenoir-Laroche, J.-J.</subfield>
    <subfield code="q">(Jean-Jacques),</subfield>
    <subfield code="d">1749-1825</subfield>
  </datafield>
  <datafield tag="400" ind1="1" ind2=" ">
    <subfield code="a">Lenoir-Laroche,</subfield>
    <subfield code="d">1749-1825</subfield>
  </datafield>
  <datafield tag="400" ind1="1" ind2=" ">
    <subfield code="a">Lenoir-Laroche,</subfield>
    <subfield code="c">comte,</subfield>
    <subfield code="d">1749-1825</subfield>
  </datafield>
  <datafield tag="670" ind1=" " ind2=" ">
    <subfield code="a">Versailles et Paris, ou, Rapport très-exact des séances de l'Assemblée nationale &amp; des communes de Paris</subfield>
    <subfield code="b">(name not given; editorship ascribed to L.-F. Jauffret and J.J. Lenoir-Laroche in Tourneux, M. Paris pendant la Révolution française, v. 2, no. 10290)</subfield>
  </datafield>
  <datafield tag="670" ind1=" " ind2=" ">
    <subfield code="a">BN (WWW):</subfield>
    <subfield code="b">FRBNF12562007 (forme savante à valeur internationale: Lenoir-Laroche, Jean-Jacques, 1749-1825; b. Apr. 29, 1749; d. Feb. 17, 1825; politician; deputy from the Third Estate to the Etats généraux; minister of police, 1799; member of the Conseil des Anciens; comte de l'Empire, 1808)</subfield>
  </datafield>
  <datafield tag="670" ind1=" " ind2=" ">
    <subfield code="a">RLIN, 6/1/2004</subfield>
    <subfield code="b">(hdgs.: Lenoir-Laroche, Jean Jacques, 1749-1825; Lenoir-Laroche, Jean-Jacques, 1749-1825; Lenoir-Laroche, Jean Jacques, comte, 1749-1825; Lenoir-Laroche; usage: le sénateur Lenoire-Laroche; M. le comte Lenoir-Laroche; Lenoir-Laroche; J.J. Lenoir-Laroche)</subfield>
  </datafield>
</record>